@misc{Zhang2024,
    title = {{An overview on waste rubber recycling by microwave devulcanization}},
    year = {2024},
    booktitle = {Journal of Environmental Management},
    author = {Zhang, Tao and Asaro, Lucia and Gratton, Michel and A{\"{i}}t Hocine, Nourredine},
    month = {2},
    volume = {353},
    publisher = {Academic Press},
    doi = {10.1016/j.jenvman.2024.120122},
    issn = {10958630},
    pmid = {38308983},
    keywords = {Devulcanization, Microwave, Recycling, Waste rubber}
}

@techreport{Horikx1956,
    title = {{Chain Scissions in a Polymer Network*}},
    year = {1956},
    booktitle = {JOURNAL OF POLYMER SCIENCE},
    author = {Horikx, M M},
    pages = {445--454},
    volume = {XIX},
    keywords = {Delft, Rubber-Stichting, The 1Yetherlandr}
}

@article{Karabork2014,
    title = {{Characterization of styrene butadiene rubber and microwave devulcanized ground tire rubber composites}},
    year = {2014},
    journal = {Journal of Polymer Engineering},
    author = {Karabork, Fazliye and Pehlivan, Erol and Akdemir, Ahmet},
    number = {6},
    month = {8},
    pages = {543--554},
    volume = {34},
    publisher = {Walter de Gruyter GmbH},
    doi = {10.1515/polyeng-2013-0330},
    issn = {03346447},
    keywords = {SBR, cure properties, ground tire rubber, mechanical properties, microwave devulcanization}
}

@article{Garcia2015,
    title = {{Devulcanization of ground tire rubber: Physical and chemical changes after different microwave exposure times}},
    year = {2015},
    journal = {Express Polymer Letters},
    author = {Garcia, P. S. and de Sousa, F. D.B. and de Lima, J. A. and Cruz, S. A. and Scuracchio, C. H.},
    number = {11},
    month = {11},
    pages = {1015--1026},
    volume = {9},
    publisher = {BME-PT and GTE},
    doi = {10.3144/expresspolymlett.2015.91},
    issn = {1788618X},
    keywords = {Degradation, Devulcanization, Ground tire rubber, Microwaves, Recycling}
}

@article{Seghar2015,
    title = {{Devulcanization of styrene butadiene rubber by microwave energy: Effect of the presence of ionic liquid}},
    year = {2015},
    journal = {Express Polymer Letters},
    author = {Seghar, S. and A{\"{i}}t Hocine, N. and Mittal, V. and Azem, S. and Al-Zohbi, F. and Schmaltz, B. and Poirot, N.},
    number = {12},
    month = {12},
    pages = {1076--1086},
    volume = {9},
    publisher = {BME-PT and GTE},
    doi = {10.3144/expresspolymlett.2015.97},
    issn = {1788618X},
    keywords = {Devulcanization, Ionic liquid, Microwaves, Recycling, Rubber}
}

@misc{Markl2020,
    title = {{Devulcanization technologies for recycling of tire-derived rubber: A review}},
    year = {2020},
    booktitle = {Materials},
    author = {Markl, Erich and Lackner, Maximilian},
    number = {5},
    month = {3},
    volume = {13},
    publisher = {MDPI AG},
    doi = {10.3390/ma13051246},
    issn = {19961944},
    keywords = {Elastomer, Feedstock recycling, Magic triangle, Recycling, Rubber devulcanization, Sustainability, Twin screw extruder}
}

@article{Simon2021,
    title = {{Effective thermomechanical devulcanization of ground tire rubber with a co-rotating twin-screw extruder}},
    year = {2021},
    journal = {Polymer Degradation and Stability},
    author = {Simon, Dániel Ábel and B{\'{a}}r{\'{a}}ny, Tamás},
    month = {8},
    volume = {190},
    publisher = {Elsevier Ltd},
    doi = {10.1016/j.polymdegradstab.2021.109626},
    issn = {01413910},
    keywords = {Ground tire rubber, Horikx's analysis, Rubber mix, Thermomechanical devulcanization}
}

@misc{Valentini2022,
    title = {{End-of-life options of tyres. A review}},
    year = {2022},
    booktitle = {Advanced Industrial and Engineering Polymer Research},
    author = {Valentini, Francesco and Pegoretti, Alessandro},
    number = {4},
    month = {10},
    pages = {203--213},
    volume = {5},
    publisher = {KeAi Communications Co.},
    doi = {10.1016/j.aiepr.2022.08.006},
    issn = {25425048},
    keywords = {End of life, Legislation, Recycling, Retreading, Tyres}
}

@article{Sabzekar2015,
    title = {{Influence of process variables on chemical devulcanization of sulfur-cured natural rubber}},
    year = {2015},
    journal = {Polymer Degradation and Stability},
    author = {Sabzekar, Malihe and Chenar, Mahdi Pourafshari and Mortazavi, Seyed Mohammadmahdi and Kariminejad, Majid and Asadi, Said and Zohuri, Gholamhossein},
    month = {8},
    pages = {88--95},
    volume = {118},
    publisher = {Elsevier Ltd},
    doi = {10.1016/j.polymdegradstab.2015.04.013},
    issn = {01413910},
    keywords = {Chemical devulcanization, Crosslink density, Mechanical properties, Natural rubber}
}

@misc{Xiao2022,
    title = {{Material recovery and recycling of waste tyres-A review}},
    year = {2022},
    booktitle = {Cleaner Materials},
    author = {Xiao, Zheng and Pramanik, A. and Basak, A. K. and Prakash, C. and Shankar, S.},
    month = {9},
    volume = {5},
    publisher = {Elsevier Ltd},
    doi = {10.1016/j.clema.2022.100115},
    issn = {27723976},
    keywords = {Ground tyre rubber (GTR), Recycling, Rubber, Tyre}
}

@article{Rooj2011,
    title = {{New Route for Devulcanization of Natural Rubber and the Properties of Devulcanized Rubber}},
    year = {2011},
    journal = {Journal of Polymers and the Environment},
    author = {Rooj, Sandip and Basak, Ganesh C. and Maji, Pradip K. and Bhowmick, Anil K.},
    number = {2},
    month = {6},
    pages = {382--390},
    volume = {19},
    doi = {10.1007/s10924-011-0293-5},
    issn = {15662543},
    keywords = {Benzoyl peroxide, Devulcanization, Natural rubber}
}

@misc{Dorigato2023,
    title = {{Recent advances in the devulcanization technologies of industrially relevant sulfur-vulcanized elastomers}},
    year = {2023},
    booktitle = {Advanced Industrial and Engineering Polymer Research},
    author = {Dorigato, Andrea and Rigotti, Daniele and Fredi, Giulia},
    number = {3},
    month = {7},
    pages = {288--309},
    volume = {6},
    publisher = {KeAi Communications Co.},
    doi = {10.1016/j.aiepr.2022.11.003},
    issn = {25425048},
    keywords = {Circular economy, Devulcanization, Elastomers, Recycling, Rubber}
}

@misc{Czarna2023,
    title = {{Review in Waste Tire Management—Potential Applications in Mitigating Environmental Pollution}},
    year = {2023},
    booktitle = {Materials},
    author = {Czarna-Juszkiewicz, Dorota and Kunecki, Piotr and Cader, Justyna and Wdowin, Magdalena},
    number = {17},
    month = {9},
    volume = {16},
    publisher = {Multidisciplinary Digital Publishing Institute (MDPI)},
    doi = {10.3390/ma16175771},
    issn = {19961944},
    keywords = {heavy metals removal, waste tires, waste tires adsorbents, waste tires disposal methods, water treatment}
}

@article{Gorbe2024,
    title = {{Thermomechanical-chemical devulcanization of ground tire rubber}},
    year = {2024},
    journal = {IOP Conference Series: Materials Science and Engineering},
    author = {G{\"{o}}rbe, Á and Koh{\'{a}}ri, A and Hal{\'{a}}sz-Kutasi, I Z and B{\'{a}}r{\'{a}}ny, T},
    number = {1},
    month = {9},
    pages = {012008},
    volume = {1313},
    url = {https://iopscience.iop.org/article/10.1088/1757-899X/1313/1/012008},
    doi = {10.1088/1757-899X/1313/1/012008},
    issn = {1757-8981}
}

@article{Vahdatbin2022,
    title = {{Using chemical agent in microwave assisted devulcanization of NR/SBR blends: An effective recycling method}},
    year = {2022},
    journal = {Resources, Conservation and Recycling},
    author = {Vahdatbin, M. and Jamshidi, M.},
    month = {4},
    volume = {179},
    publisher = {Elsevier B.V.},
    doi = {10.1016/j.resconrec.2021.106045},
    issn = {18790658},
    keywords = {Chemical devulcanizing agent, Crumb rubber, Devulcanization, Microwave irradiation, NR/SBR blend, Sol/gel fractions}
}

@misc{Wang2022,
    title = {{Waste tire rubber devulcanization technologies: State-of-the-art, limitations and future perspectives}},
    year = {2022},
    booktitle = {Waste Management},
    author = {Wi{\'{s}}niewska, Paulina and Wang, Shifeng and Formela, Krzysztof},
    month = {8},
    pages = {174--184},
    volume = {150},
    publisher = {Elsevier Ltd},
    doi = {10.1016/j.wasman.2022.07.002},
    issn = {18792456},
    pmid = {35843055},
    keywords = {Devulcanization, Recycling, State-of-the-art, Waste management, Waste tires}
}

@article{Simon2020DevulcanizationApproaches,
    title = {{Devulcanization of ground tire rubber: microwave and thermomechanical approaches}},
    year = {2020},
    journal = {Scientific Reports},
    author = {Simon, Dániel Ábel and Pirityi, Dávid Zoltán and B{\'{a}}r{\'{a}}ny, Tamás},
    number = {1},
    month = {12},
    volume = {10},
    publisher = {Nature Research},
    doi = {10.1038/s41598-020-73543-w},
    issn = {20452322},
    pmid = {33024164}
}

@article{Simon2023MicrowaveCompounds,
    title = {{Microwave Devulcanization of Ground Tire Rubber and Its Improved Utilization in Natural Rubber Compounds}},
    year = {2023},
    journal = {ACS Sustainable Chemistry and Engineering},
    author = {Simon, Dániel Ábel and B{\'{a}}r{\'{a}}ny, Tamás},
    number = {5},
    month = {2},
    pages = {1797--1808},
    volume = {11},
    publisher = {American Chemical Society},
    doi = {10.1021/acssuschemeng.2c05984},
    issn = {21680485},
    keywords = {GTR, devulcanization, microwave, reclaiming, recycling, rubber, tire}
}