Use String para colocar el nombre de las revistas abreviado, si este es muy largo

@String{ABD    = {Anais Brasileiros de Dermatologia}}
@String{CP	   = {Carbohydrate Polymers}}

Inserte la bibliografía de aquí en adelante usando el símbolo arroba - Usted puede generar la bibliografía desde un gestor como Mendeley
Tipos de bibliografía
ARTICLE
INCOLLECTION - Capítulo de libro
BOOK - Libro completo
MASTERTHESIS
PHDTHESIS
PROCEEDINGS - Memorias de congresos


%Devulcanization Technologies for Recycling of
 Tire-Derived Rubber: A Review

@article{Markl2020,
  author = {Markl, E. and Lackner, M.},
  title = {Devulcanization Technologies for Recycling of Tire-Derived Rubber: A Review},
  journal = {Materials},
  year = {2020},
  volume = {13},
  number = {5},
  pages = {1246},
  doi = {10.3390/ma13051246}
}

@article{Ahmed2024,
  author = {Ahmed, K.Z. and Faizan, M.},
  title = {Comprehensive Characterization of Waste Tire Rubber Powder},
  journal = {J. Inst. Eng. India Ser. E},
  year = {2024},
  volume = {105},
  pages = {11--20},
  doi = {10.1007/s40034-023-00282-8}
}

%Review inWaste Tire Management—Potential Applications in
Mitigating Environmental Pollution

@article{CzarnaJuszkiewicz2023,
  author = {Czarna-Juszkiewicz, D. and Kunecki, P. and Cader, J. and Wdowin, M.},
  title = {Review in Waste Tire Management—Potential Applications in Mitigating Environmental Pollution},
  journal = {Materials},
  year = {2023},
  volume = {16},
  pages = {5771},
  doi = {10.3390/ma16175771}
}

@article{Dorigato2023,
  author = {Dorigato, Andrea and Rigotti, Daniele and Fredi, Giulia},
  title = {Recent advances in the devulcanization technologies of industrially relevant sulfur-vulcanized elastomers},
  journal = {Advanced Industrial and Engineering Polymer Research},
  year = {2023},
  volume = {6},
  number = {3},
  pages = {288--309},
  issn = {2542-5048},
  doi = {10.1016/j.aiepr.2022.11.003}
}